@article{koboldt2013next,
  title={The next-generation sequencing revolution and its impact on genomics},
  author={Koboldt, Daniel C and Steinberg, Karyn Meltz and Larson, David E and Wilson, Richard K and Mardis, Elaine R},
  journal={Cell},
  volume={155},
  number={1},
  pages={27--38},
  year={2013},
  publisher={Elsevier}
}
@article{flaherty2011ultrasensitive,
  title={Ultrasensitive detection of rare mutations using next-generation targeted resequencing},
  author={Flaherty, Patrick and Natsoulis, Georges and Muralidharan, Omkar and Winters, Mark and Buenrostro, Jason and Bell, John and Brown, Sheldon and Holodniy, Mark and Zhang, Nancy and Ji, Hanlee P},
  journal={Nucleic acids research},
  pages={gkr861},
  year={2011},
  publisher={Oxford Univ Press}
}
@article{shendure2008next,
  title={Next-generation DNA sequencing},
  author={Shendure, Jay and Ji, Hanlee},
  journal={Nature biotechnology},
  volume={26},
  number={10},
  pages={1135--1145},
  year={2008},
  publisher={Nature Publishing Group}
}
@article{navin2010inferring,
  title={Inferring tumor progression from genomic heterogeneity},
  author={Navin, Nicholas and Krasnitz, Alexander and Rodgers, Linda and Cook, Kerry and Meth, Jennifer and Kendall, Jude and Riggs, Michael and Eberling, Yvonne and Troge, Jennifer and Grubor, Vladimir and others},
  journal={Genome research},
  volume={20},
  number={1},
  pages={68--80},
  year={2010},
  publisher={Cold Spring Harbor Lab}
}
@article{koboldt2012varscan,
  title={VarScan 2: somatic mutation and copy number alteration discovery in cancer by exome sequencing},
  author={Koboldt, Daniel C and Zhang, Qunyuan and Larson, David E and Shen, Dong and McLellan, Michael D and Lin, Ling and Miller, Christopher A and Mardis, Elaine R and Ding, Li and Wilson, Richard K},
  journal={Genome research},
  volume={22},
  number={3},
  pages={568--576},
  year={2012},
  publisher={Cold Spring Harbor Lab}
}
@article{wei2011snver,
  title={SNVer: a statistical tool for variant calling in analysis of pooled or individual next-generation sequencing data},
  author={Wei, Zhi and Wang, Wei and Hu, Pingzhao and Lyon, Gholson J and Hakonarson, Hakon},
  journal={Nucleic acids research},
  volume={39},
  number={19},
  pages={e132--e132},
  year={2011},
  publisher={Oxford Univ Press}
}
@article{mckenna2010genome,
  title={The Genome Analysis Toolkit: a MapReduce framework for analyzing next-generation DNA sequencing data},
  author={McKenna, Aaron and Hanna, Matthew and Banks, Eric and Sivachenko, Andrey and Cibulskis, Kristian and Kernytsky, Andrew and Garimella, Kiran and Altshuler, David and Gabriel, Stacey and Daly, Mark and others},
  journal={Genome research},
  volume={20},
  number={9},
  pages={1297--1303},
  year={2010},
  publisher={Cold Spring Harbor Lab}
}
@article{li2009sequence,
  title={The sequence alignment/map format and SAMtools},
  author={Li, Heng and Handsaker, Bob and Wysoker, Alec and Fennell, Tim and Ruan, Jue and Homer, Nils and Marth, Gabor and Abecasis, Goncalo and Durbin, Richard and others},
  journal={Bioinformatics},
  volume={25},
  number={16},
  pages={2078--2079},
  year={2009},
  publisher={Oxford Univ Press}
}
@article{he2015rvd2,
  title={RVD2: An ultra-sensitive variant detection model for low-depth heterogeneous next-generation sequencing data},
  author={He, Yuting and Zhang, Fan and Flaherty, Patrick},
  journal={Bioinformatics},
  pages={btv275},
  year={2015},
  publisher={Oxford Univ Press}
}
@article{jordan1999introduction,
  title={An introduction to variational methods for graphical models},
  author={Jordan, Michael I and Ghahramani, Zoubin and Jaakkola, Tommi S and Saul, Lawrence K},
  journal={Machine learning},
  volume={37},
  number={2},
  pages={183--233},
  year={1999},
  publisher={Springer}
}
@article{peterson1989explorations,
  title={Explorations of the mean field theory learning algorithm},
  author={Peterson, Carsten and Hartman, Eric},
  journal={Neural Networks},
  volume={2},
  number={6},
  pages={475--494},
  year={1989},
  publisher={Elsevier}
}
@book{efron2010large,
  title={Large-scale inference: empirical Bayes methods for estimation, testing, and prediction},
  author={Efron, Bradley},
  volume={1},
  year={2010},
  publisher={Cambridge University Press}
}
@article{kvitek2013whole,
  title={Whole genome, whole population sequencing reveals that loss of signaling networks is the major adaptive strategy in a constant environment},
  author={Kvitek, Daniel J and Sherlock, Gavin},
  journal={PLoS Genet},
  volume={9},
  number={11},
  pages={e1003972},
  year={2013},
  publisher={Public Library of Science}
}

@article{cochran1952chi2,
  title={The $\chi$2 test of goodness of fit},
  author={Cochran, William G},
  journal={The Annals of Mathematical Statistics},
  pages={315--345},
  year={1952},
  publisher={JSTOR}
}
@article{johnston1999feasting,
  title={Feasting, fasting and fermenting: glucose sensing in yeast and other cells},
  author={Johnston, Mark},
  journal={Trends in Genetics},
  volume={15},
  number={1},
  pages={29--33},
  year={1999},
  publisher={Elsevier}
}
@article{kao2008molecular,
  title={Molecular characterization of clonal interference during adaptive evolution in asexual populations of Saccharomyces cerevisiae},
  author={Kao, Katy C and Sherlock, Gavin},
  journal={Nature genetics},
  volume={40},
  number={12},
  pages={1499--1504},
  year={2008},
  publisher={Nature Publishing Group}
}
@article{saddiki2014glad,
  title={GLAD: a mixed-membership model for heterogeneous tumor subtype classification},
  author={Saddiki, Hachem and McAuliffe, Jon and Flaherty, Patrick},
  journal={Bioinformatics},
  pages={btu618},
  year={2014},
  publisher={Oxford Univ Press}
}
@article{wang2013variational,
  title={Variational inference in nonconjugate models},
  author={Wang, Chong and Blei, David M},
  journal={The Journal of Machine Learning Research},
  volume={14},
  number={1},
  pages={1005--1031},
  year={2013},
  publisher={JMLR. org}
}
@article{mckinley1998cubic,
  title={Cubic spline interpolation},
  author={McKinley, Sky and Levine, Megan},
  journal={College of the Redwoods},
  volume={45},
  number={1},
  pages={1049--1060},
  year={1998}
}
@article{roth2012jointsnvmix,
  title={JointSNVMix: a probabilistic model for accurate detection of somatic mutations in normal/tumour paired next-generation sequencing data},
  author={Roth, Andrew and Ding, Jiarui and Morin, Ryan and Crisan, Anamaria and Ha, Gavin and Giuliany, Ryan and Bashashati, Ali and Hirst, Martin and Turashvili, Gulisa and Oloumi, Arusha and others},
  journal={Bioinformatics},
  volume={28},
  number={7},
  pages={907--913},
  year={2012},
  publisher={Oxford Univ Press}
}
@article{shiraishi2013empirical,
  title={An empirical Bayesian framework for somatic mutation detection from cancer genome sequencing data},
  author={Shiraishi, Yuichi and Sato, Yusuke and Chiba, Kenichi and Okuno, Yusuke and Nagata, Yasunobu and Yoshida, Kenichi and Shiba, Norio and Hayashi, Yasuhide and Kume, Haruki and Homma, Yukio and others},
  journal={Nucleic acids research},
  volume={41},
  number={7},
  pages={e89--e89},
  year={2013},
  publisher={Oxford Univ Press}
}
@article{bansal2010statistical,
  title={A statistical method for the detection of variants from next-generation resequencing of DNA pools},
  author={Bansal, Vikas},
  journal={Bioinformatics},
  volume={26},
  number={12},
  pages={i318--i324},
  year={2010},
  publisher={Oxford Univ Press}
}
@article{saunders2012strelka,
  title={Strelka: accurate somatic small-variant calling from sequenced tumor--normal sample pairs},
  author={Saunders, Christopher T and Wong, Wendy SW and Swamy, Sajani and Becq, Jennifer and Murray, Lisa J and Cheetham, R Keira},
  journal={Bioinformatics},
  volume={28},
  number={14},
  pages={1811--1817},
  year={2012},
  publisher={Oxford Univ Press}
}
@article{larson2012somaticsniper,
  title={SomaticSniper: identification of somatic point mutations in whole genome sequencing data},
  author={Larson, David E and Harris, Christopher C and Chen, Ken and Koboldt, Daniel C and Abbott, Travis E and Dooling, David J and Ley, Timothy J and Mardis, Elaine R and Wilson, Richard K and Ding, Li},
  journal={Bioinformatics},
  volume={28},
  number={3},
  pages={311--317},
  year={2012},
  publisher={Oxford Univ Press}
}
@book{kraft1988software,
  title={A software package for sequential quadratic programming},
  author={Kraft, Dieter and others},
  year={1988},
  publisher={DFVLR Obersfaffeuhofen, Germany}
}
